<?xml version="1.0" encoding="utf-8"?>
<record xmlns="http://www.loc.gov/MARC21/slim" xmlns:xsi="http://www.w3.org/2001/XMLSchema-instance" xsi:schemaLocation="http://www.loc.gov/MARC21/slim http://www.loc.gov/standards/marcxml/schema/MARC21slim.xsd">
	<leader>
		02691nam a2200409   4500
	</leader>
	<controlfield tag="001">
		1385055
	</controlfield>
	<controlfield tag="003">
		NNC
	</controlfield>
	<controlfield tag="006">
		m        d        
	</controlfield>
	<controlfield tag="007">
		cr cn |||m|||a
	</controlfield>
	<controlfield tag="008">
		151007r19829999ir h    ob    000 0 arard
	</controlfield>
	<datafield ind1=" " ind2=" " tag="040">
		<subfield code="a">
			NNU
		</subfield>
		<subfield code="b">
			eng
		</subfield>
		<subfield code="c">
			NNU
		</subfield>
	</datafield>
	<datafield ind1="0" ind2="4" tag="050">
		<subfield code="a">
			BP166.93
		</subfield>
		<subfield code="b">
			.I48 1982
		</subfield>
	</datafield>
	<datafield ind1="0" ind2="3" tag="245">
		<subfield code="6">
			880-01
		</subfield>
		<subfield code="a">
			al-Imām al-Mahdī ʻinda ahl al-s̥unnah
		</subfield>
		<subfield code="h">
			[electronic resource] :
		</subfield>
		<subfield code="b">
			yataḍammanu rasāʼil mufradah wa-fusūlan wa-abh̥āthan iqtatafnāhā min muʼallafāt aʼimmat al-ḥadīth wa-aʻlām al-tārīkh wa-rijālāt al-ʻilm min ahl al-sunnah khilāla ithnay ʻashara qarnan /
		</subfield>
		<subfield code="c">
			rattabahā wa-qaddama lahā Mahdī al-Faqīh Īmānī.
		</subfield>
	</datafield>
	<datafield ind1=" " ind2=" " tag="250">
		<subfield code="6">
			880-02
		</subfield>
		<subfield code="a">
			al-Ṭabʻah 2.
		</subfield>
	</datafield>
	<datafield ind1=" " ind2=" " tag="260">
		<subfield code="6">
			880-03
		</subfield>
		<subfield code="a">
			Iṣfahān, Īrān :
		</subfield>
		<subfield code="b">
			Maktabat al-Imām Amīr al-Muʼminīn ʻAlī al-ʻĀmmah,
		</subfield>
		<subfield code="c">
			1402 [1982 or 1983]-
		</subfield>
	</datafield>
	<datafield ind1=" " ind2=" " tag="300">
		<subfield code="a">
			online resource (v.) :
		</subfield>
		<subfield code="b">
			facsims.
		</subfield>
	</datafield>
	<datafield ind1="1" ind2=" " tag="490">
		<subfield code="6">
			880-04
		</subfield>
		<subfield code="a">
			Imām al-Mahdī ʻinda ahl al-sunnah
		</subfield>
	</datafield>
	<datafield ind1=" " ind2=" " tag="500">
		<subfield code="a">
			Reprint.
		</subfield>
	</datafield>
	<datafield ind1=" " ind2=" " tag="500">
		<subfield code="a">
			Part of the Arabic Collections Online (ACO) project, contributed by Columbia University Libraries.
		</subfield>
	</datafield>
	<datafield ind1=" " ind2=" " tag="504">
		<subfield code="a">
			Includes bibliographies.
		</subfield>
	</datafield>
	<datafield ind1=" " ind2=" " tag="533">
		<subfield code="a">
			Electronic reproduction.
		</subfield>
		<subfield code="b">
			New York, N.Y. :
		</subfield>
		<subfield code="c">
			New York University,
		</subfield>
		<subfield code="d">
			2015.
		</subfield>
		<subfield code="5">
			NNU
		</subfield>
	</datafield>
	<datafield ind1=" " ind2="0" tag="650">
		<subfield code="a">
			Mahdism
		</subfield>
		<subfield code="x">
			History of doctrines.
		</subfield>
	</datafield>
	<datafield ind1=" " ind2="7" tag="650">
		<subfield code="a">
			Mahdism
		</subfield>
		<subfield code="x">
			History of doctrines.
		</subfield>
		<subfield code="2">
			fast
		</subfield>
		<subfield code="0">
			(OCoLC)fst01005992
		</subfield>
	</datafield>
	<datafield ind1="1" ind2=" " tag="700">
		<subfield code="6">
			880-05
		</subfield>
		<subfield code="a">
			Imānī, Mahdī al-Faqīh. 
		</subfield>
	</datafield>
	<datafield ind1="2" ind2=" " tag="710">
		<subfield code="a">
			Columbia University.
		</subfield>
		<subfield code="b">
			Libraries.
		</subfield>
	</datafield>
	<datafield ind1="0" ind2=" " tag="730">
		<subfield code="a">
			Arabic Collections Online.
		</subfield>
	</datafield>
	<datafield ind1="0" ind2="8" tag="776">
		<subfield code="i">
			Print version:
		</subfield>
		<subfield code="t">
			al-Imām al-Mahdī ʻinda ahl al-s̥unnah
		</subfield>
		<subfield code="w">
			(NNC)1385055
		</subfield>
		<subfield code="w">
			(DLC)   84961829 
		</subfield>
		<subfield code="w">
			(OCoLC)502406928
		</subfield>
	</datafield>
	<datafield ind1=" " ind2="0" tag="830">
		<subfield code="6">
			880-06
		</subfield>
		<subfield code="a">
			Imām al-Mahdī ʻinda ahl al-sunnah.
		</subfield>
	</datafield>
	<datafield ind1="4" ind2="0" tag="856">
		<subfield code="u">
			http://hdl.handle.net/2333.1/rr4xh106
		</subfield>
	</datafield>
	<datafield ind1="0" ind2="2" tag="880">
		<subfield code="6">
			245-01/r
		</subfield>
		<subfield code="a">
			الامام المهدي عند اهل السنة :
		</subfield>
		<subfield code="b">
			يتضمن رسائل مفردة وفصولاً وابحاثاً اقتتفناها من مؤلفات أئمة الحديث واعلام التاريخ ورجالات العلم من اهل السنة خلال اثني عشر قرناً /
		</subfield>
		<subfield code="c">
			رتبها وقدم لها مهدي الفقيه ايماني.
		</subfield>
	</datafield>
	<datafield ind1=" " ind2=" " tag="880">
		<subfield code="6">
			250-02/r
		</subfield>
		<subfield code="a">
			الطبعة 2.
		</subfield>
	</datafield>
	<datafield ind1=" " ind2=" " tag="880">
		<subfield code="6">
			260-03/r
		</subfield>
		<subfield code="a">
			اصفهان، ايران :
		</subfield>
		<subfield code="b">
			مكتبة الامام امير المؤمنين علي العامة،
		</subfield>
		<subfield code="c">
			1402 [1982 or 1983]-
		</subfield>
	</datafield>
	<datafield ind1="1" ind2=" " tag="880">
		<subfield code="6">
			490-04/r
		</subfield>
		<subfield code="a">
			امام المهدي عند اهل السنة
		</subfield>
	</datafield>
	<datafield ind1="1" ind2=" " tag="880">
		<subfield code="6">
			700-05/r
		</subfield>
		<subfield code="a">
			اماني، مهدي الفقيه.
		</subfield>
	</datafield>
	<datafield ind1=" " ind2="0" tag="880">
		<subfield code="6">
			830-06/r
		</subfield>
		<subfield code="a">
			امام المهدي عند اهل السنة.
		</subfield>
	</datafield>
	<datafield ind1=" " ind2=" " tag="959">
		<subfield code="a">
			NNU
		</subfield>
		<subfield code="b">
			WEB
		</subfield>
		<subfield code="c">
			GENI
		</subfield>
		<subfield code="t">
			0
		</subfield>
		<subfield code="m">
			Electronic access
		</subfield>
		<subfield code="s">
			01
		</subfield>
	</datafield>
	<datafield ind1=" " ind2=" " tag="999">
		<subfield code="i">
			NNC_1385055
		</subfield>
		<subfield code="o">
			(OCoLC)ocn502406928
		</subfield>
		<subfield code="s">
			columbia_aco000876:v.1
		</subfield>
		<subfield code="s">
			columbia_aco000875:v.2
		</subfield>
		<subfield code="e">
			(ERROR-880)
		</subfield>
		<subfield code="s">
			columbia_aco000876:v.1
		</subfield>
		<subfield code="s">
			columbia_aco000875:v.2
		</subfield>
	</datafield>
</record>
